[gd_scene load_steps=2 format=2]

[ext_resource path="res://Level/walls.png" type="Texture" id=1]

[node name="Node" type="Node"]

editor/display_folded = true

[node name="wall_middle" type="Sprite" parent="." index="0"]

position = Vector2( 240.05, 49.6242 )
texture = ExtResource( 1 )
region_enabled = true
region_rect = Rect2( 128, 128, 128, 128 )
_sections_unfolded = [ "Region" ]

[node name="wall_topleft" type="Sprite" parent="." index="1"]

position = Vector2( 86.3278, -105.458 )
texture = ExtResource( 1 )
region_enabled = true
region_rect = Rect2( 0, 0, 128, 128 )
_sections_unfolded = [ "Region" ]

[node name="wall_topmid" type="Sprite" parent="." index="2"]

position = Vector2( 241.41, -101.377 )
texture = ExtResource( 1 )
region_enabled = true
region_rect = Rect2( 128, 0, 128, 128 )
_sections_unfolded = [ "Region" ]

[node name="wall_topright" type="Sprite" parent="." index="3"]

position = Vector2( 392.412, -101.377 )
texture = ExtResource( 1 )
region_enabled = true
region_rect = Rect2( 256, 0, 128, 128 )
_sections_unfolded = [ "Region" ]

[node name="wall_midleft" type="Sprite" parent="." index="4"]

position = Vector2( 87.6882, 46.9035 )
texture = ExtResource( 1 )
region_enabled = true
region_rect = Rect2( 0, 128, 128, 128 )
_sections_unfolded = [ "Region" ]

[node name="wall_midright" type="Sprite" parent="." index="5"]

position = Vector2( 404.655, 46.9035 )
texture = ExtResource( 1 )
region_enabled = true
region_rect = Rect2( 256, 128, 128, 128 )
_sections_unfolded = [ "Region" ]

[node name="wall_corner" type="Sprite" parent="." index="6"]

position = Vector2( 580.144, 93.1562 )
texture = ExtResource( 1 )
region_enabled = true
region_rect = Rect2( 0, 384, 128, 128 )
_sections_unfolded = [ "Region" ]

[node name="wall_botleft" type="Sprite" parent="." index="7"]

position = Vector2( 79.526, 203.347 )
texture = ExtResource( 1 )
region_enabled = true
region_rect = Rect2( 0, 256, 128, 128 )
_sections_unfolded = [ "Region" ]

[node name="wall_botmid" type="Sprite" parent="." index="8"]

position = Vector2( 240.05, 200.626 )
texture = ExtResource( 1 )
region_enabled = true
region_rect = Rect2( 128, 256, 128, 128 )
region_filter_clip = true
_sections_unfolded = [ "Region" ]

[node name="wall_botright" type="Sprite" parent="." index="9"]

position = Vector2( 399.214, 197.905 )
texture = ExtResource( 1 )
region_enabled = true
region_rect = Rect2( 256, 256, 128, 128 )
_sections_unfolded = [ "Region" ]


